@techreport{wein2006circles,
  author = {Wein, Ron and Zukerman, Baruch},
  title = {{Exact and efficient construction of planar arrangements of circular arcs and line segments with applications}},
  year = {2006},
  institution = {The Blavatnik Institute of Computer Science, Tel-Aviv University, Israel},
  number = {ACS-TR-121200-01}
}

@article{wang2012circles,
  author = {Wang, Zhi Jie and Lin, Xiao and Yao, Bin and Gong, Yong-Xi},
  title = {{An efficient algorithm for {B}oolean operation on circular-arc polygons}},
  year = {2012},
  journal   = {CoRR},
  volume    = {abs/1211.0729},
  year      = {2012},
  ee        = {http://arxiv.org/abs/1211.0729},
  bibsource = {DBLP, http://dblp.uni-trier.de}
}

@inproceedings{burnikel1994degeneracy,
  title={On degeneracy in geometric computations},
  author={Burnikel, Christoph and Mehlhorn, Kurt and Schirra, Stefan},
  booktitle={Proceedings of the fifth annual ACM-SIAM Symposium on Discrete algorithms},
  pages={16--23},
  year={1994},
  organization={Society for Industrial and Applied Mathematics}
}

@article{edelsbrunner1990simulation,
  title={Simulation of simplicity: a technique to cope with degenerate cases in geometric algorithms},
  author={Edelsbrunner, Herbert and M{\"u}cke, Ernst Peter},
  journal={ACM Transactions on Graphics (TOG)},
  volume={9},
  number={1},
  pages={66--104},
  year={1990},
  publisher={ACM}
}

@article{yap1990symbolic,
  title={Symbolic treatment of geometric degeneracies},
  author={Yap, Chee-Keng},
  journal={Journal of Symbolic Computation},
  volume={10},
  number={3},
  pages={349--370},
  year={1990},
  publisher={Elsevier}
}

@inproceedings{emiris1992efficient,
  title={An efficient approach to removing geometric degeneracies},
  author={Emiris, Ioannis and Canny, John},
  booktitle={Proceedings of the eighth annual symposium on Computational geometry},
  pages={74--82},
  year={1992},
  organization={ACM}
}

@article{emiris1995general,
  title={A general approach to removing degeneracies},
  author={Emiris, Ioannis Z and Canny, John F},
  journal={SIAM Journal on Computing},
  volume={24},
  number={3},
  pages={650--664},
  year={1995},
  publisher={SIAM}
}

@article{seidel1998nature,
  title={The nature and meaning of perturbations in geometric computing},
  author={Seidel, Raimund},
  journal={Discrete \& Computational Geometry},
  volume={19},
  number={1},
  pages={1--17},
  year={1998},
  publisher={Springer}
}

@article{halperin1998perturbation,
  title={A perturbation scheme for spherical arrangements with application to molecular modeling},
  author={Halperin, Dan and Shelton, Christian R},
  journal={Computational Geometry},
  volume={10},
  number={4},
  pages={273--287},
  year={1998},
  publisher={Elsevier}
}

@article{halperin2004controlled,
  title={Controlled perturbation for arrangements of circles},
  author={Halperin, Dan and Leiserowitz, Eran},
  journal={International Journal of Computational Geometry \& Applications},
  volume={14},
  number={04n05},
  pages={277--310},
  year={2004},
  publisher={World Scientific}
}

@techreport{devillers2012qualitative,
  hal_id = {hal-00758631},
  url = {http://hal.inria.fr/hal-00758631},
  title = {{Qualitative Symbolic Perturbation: a new geometry-based perturbation framework}},
  author = {Devillers, Olivier and Karavelas, Menelaos and Teillaud, Monique},
  keywords = {Degeneracies; Robustness issues; Apollonius diagram;Trapezoidal map.},
  language = {Anglais},
  affiliation = {GEOMETRICA - INRIA Sophia Antipolis / INRIA Saclay - Ile de France , Department of Applied Mathematics},
  type = {Rapport de recherche},
  institution = {INRIA},
  number = {RR-8153},
  year = {2012},
  pdf = {http://hal.inria.fr/hal-00758631/PDF/RR-8153.pdf},
}

@inproceedings{devillers2000algebraic,
  title={Algebraic methods and arithmetic filtering for exact predicates on circle arcs},
  author={Devillers, Olivier and Fronville, Alexandra and Mourrain, Bernard and Teillaud, Monique},
  booktitle={Proceedings of the sixteenth annual symposium on Computational geometry},
  pages={139--147},
  year={2000},
  organization={ACM}
}

@article{hobby1999practical,
  title={Practical segment intersection with finite precision output},
  author={Hobby, John D.},
  journal={Computational Geometry},
  volume={13},
  number={4},
  pages={199--214},
  year={1999}
}

%%% Vandermonde %%%

@article{oruc2000explicit,
  title={Explicit factorization of the {V}andermonde matrix},
  author={Oru{\c{c}}, Halil and Phillips, George M},
  journal={Linear {A}lgebra and its {A}pplications},
  volume={315},
  number={1},
  pages={113--123},
  year={2000},
  publisher={Elsevier}
}

@article{olver2006multivariate,
  title={On multivariate interpolation},
  author={Olver, Peter J},
  journal={Studies in Applied Mathematics},
  volume={116},
  number={2},
  pages={201--240},
  year={2006},
  publisher={Wiley Online Library}
}

@inproceedings{neidinger2009multivariable,
  title={Multivariable interpolating polynomials in {N}ewton forms},
  author={Neidinger, Richard D},
  booktitle={Joint Mathematics Meetings 2009},
  pages={5--8},
  year={2009}
}

%%% Other %%%

@article{schwartz1980fast,
  title={Fast probabilistic algorithms for verification of polynomial identities},
  author={Schwartz, Jacob T},
  journal={Journal of the ACM (JACM)},
  volume={27},
  number={4},
  pages={701--717},
  year={1980},
  publisher={ACM}
}

@inproceedings{salmon2011random,
 author = {Salmon, John K. and Moraes, Mark A. and Dror, Ron O. and Shaw, David E.},
 title = {Parallel random numbers: as easy as 1, 2, 3},
 booktitle = {Proceedings of 2011 International Conference for High Performance Computing, Networking, Storage and Analysis},
 series = {SC '11},
 year = {2011},
 isbn = {978-1-4503-0771-0},
 location = {Seattle, Washington},
 pages = {16:1--16:12},
 articleno = {16},
 numpages = {12},
 url = {http://doi.acm.org/10.1145/2063384.2063405},
 doi = {10.1145/2063384.2063405},
 acmid = {2063405},
 publisher = {ACM},
 address = {New York, NY, USA},
} 

@inproceedings{amenta2003incremental,
  title={Incremental constructions con {BRIO}},
  author={Amenta, Nina and Choi, Sunghee and Rote, G{\"u}nter},
  booktitle={Proceedings of the nineteenth annual symposium on Computational geometry},
  pages={211--219},
  year={2003},
  organization={ACM}
}

@article{bronnimann2001interval,
  title={Interval arithmetic yields efficient dynamic filters for computational geometry},
  author={Br{\"o}nnimann, Herv{\'e} and Burnikel, Christoph and Pion, Sylvain},
  journal={Discrete Applied Mathematics},
  volume={109},
  number={1},
  pages={25--47},
  year={2001},
  publisher={Elsevier}
}

@Manual{granlund2012gmp,
  title = {{GNU MP}: {T}he {GNU} {M}ultiple {P}recision {A}rithmetic {L}ibrary},
  author = {Torbj\"orn Granlund and {the GMP development team}},
  edition = {5.0.5},
  year = 2012,
  note = {\url{http://gmplib.org}}
}
